<?xml version="1.0" encoding="UTF-8"?><collection xmlns="http://www.loc.gov/MARC21/slim"><record><leader>00406nam--2200145-i-4500</leader><controlfield tag="001">000043534</controlfield><controlfield tag="002">20161230</controlfield><controlfield tag="005">20161230201044</controlfield><controlfield tag="008">060222s1000------------r-----000-0-eng-d</controlfield><datafield ind1=" " ind2=" " tag="080"><subfield code="a">57.088.1:546.28</subfield></datafield><datafield ind1=" " ind2=" " tag="100"><subfield code="a">Tacke,R.,Wannaget,U. And Voronkow,M.G</subfield></datafield><datafield ind1=" " ind2=" " tag="245"><subfield code="a">Bioactive organo-sisicon compounds</subfield></datafield><datafield ind1=" " ind2=" " tag="260"><subfield code="a">Berllin, Springer-verlag, 1979. 144 P</subfield></datafield><datafield ind1=" " ind2=" " tag="490"><subfield code="a">Topics In Current Chemistry</subfield></datafield><datafield ind1=" " ind2=" " tag="852"><subfield code="a">45380</subfield></datafield></record></collection>